@article{bib:kermack_mckendrick,
    author = {Kermack, W. O. and McKendrick, A. G.},
    year = {1991},
    title = {Contributions to the mathematical theory of epidemics},
    journal = {Bulletin of Mathematical Biology},
    volume = {53},
    doi = {10.1007/BF02464423},
    pages = {33-55}
}

@article{bib:r0_definition,
    author = {Fraser, Christophe and Donnelly, Christl and Cauchemez, Simon and Hanage, William and Van Kerkhove, Maria and Hollingsworth, T. and Griffin, Jamie and Baggaley, Rebecca and Jenkins, Helen and Lyons, Emily and Jombart, Thibaut and Hinsley, Wes and Grassly, Nicholas and Balloux, Francois and Ghani, Azra and Ferguson, Neil and Rambaut, A and Pybus, Oliver and Lopez-Gatell, Hugo and Roth, Cathy},
    year = {2009},
    month = {05},
    pages = {1557-61},
    title = {Pandemic Potential of a Strain of Influenza A (H1N1): Early Findings},
    volume = {324},
    journal = {Science (New York, N.Y.)},
    doi = {10.1126/science.1176062}
}

@article{bib:sir_stability,
    title = {Stability Analysis of Sir Model with Vaccination},
    author = {Chauhan, Sudipa and Misra, Om Prakash and Dahr, Joydip},
    year = {2014},
    month = {1},
    pages = {17-23},
    volume = {4},
    journal = {American Journal of Computational and Applied Mathematics},
    doi = {10.5923/j.ajcam.20140401.03}
}

@book{bib:khalil,
    author    = "Khalil, Hassan K.",
    title     = "Nonlinear Systems - Third Edition",
    year      = "2002",
    publisher = "Prentice Hall",
}

@book{bib:di_bernardo,
    author    = "Di Bernardo, Mario and Budd, Chris and Champneys, Alan Richard and Kowalczyk, Piotr",
    title     = "Piecewise-smooth Dynamical Systems - Thorey and Applications",
    year      = "2008",
    publisher = "Springer-Verlag London",
}
