@article{bib:r0_definition,
    author = {Fraser, Christophe and Donnelly, Christl and Cauchemez, Simon and Hanage, William and Van Kerkhove, Maria and Hollingsworth, T. and Griffin, Jamie and Baggaley, Rebecca and Jenkins, Helen and Lyons, Emily and Jombart, Thibaut and Hinsley, Wes and Grassly, Nicholas and Balloux, Francois and Ghani, Azra and Ferguson, Neil and Rambaut, A and Pybus, Oliver and Lopez-Gatell, Hugo and Roth, Cathy},
    year = {2009},
    month = {05},
    pages = {1557-61},
    title = {Pandemic Potential of a Strain of Influenza A (H1N1): Early Findings},
    volume = {324},
    journal = {Science (New York, N.Y.)},
    doi = {10.1126/science.1176062}
}

@book{bib:khalil,
    author    = "Khalil, Hassan K.",
    title     = "Nonlinear Systems - Third Edition",
    year      = "2002",
    publisher = "Prentice Hall",
}

@book{bib:di_bernardo,
    author    = "Di Bernardo, M. and Budd, C. and Champneys, A.R. and Kowalczyk, P.",
    title     = "Piecewise-smooth Dynamical Systems - Thorey and Applications",
    year      = "2008",
    publisher = "Springer-Verlag London",
}